@online{FreeImage,
  title = {FreeImage},
  url   = {https://freeimage.sourceforge.io/}
}

@online{OMP,
  title = {OpenMP},
  url   = {https://www.openmp.org/}
}

@online{OpenCL,
  title = {opeOpenCL},
  url   = {https://www.khronos.org/opencl/}
}